# QB Papers

@inproceedings{Boyd-Graber:Satinoff:He:Daume-III-2012,
  author    = {Jordan Boyd-Graber and Brianna Satinoff and He He and Hal {Daum\'{e} III}},
  booktitle = emnlp,
  location  = {Jeju, South Korea},
  year      = {2012},
  title     = {Besting the Quiz Master: Crowdsourcing Incremental Classification Games}
}

@inproceedings{Iyyer:Manjunatha:Boyd-Graber:Daume-III-2015,
  author    = {Mohit Iyyer and Varun Manjunatha and Jordan Boyd-Graber and Hal {Daum\'{e} III}},
  booktitle = acl,
  year      = {2015},
  title     = {Deep Unordered Composition Rivals Syntactic Methods for Text Classification}
}

@inproceedings{Guha:Iyyer:Bouman:Boyd-Graber-2015,
  author    = {Anupam Guha and Mohit Iyyer and Danny Bouman and Jordan Boyd-Graber},
  booktitle = naacl,
  location  = {Denver, Colorado},
  year      = {2015},
  title     = {Removing the Training Wheels: A Coreference Dataset that Entertains Humans and Challenges Computers}
}

@inproceedings{Iyyer:Boyd-Graber:Claudino:Socher:Daume-III-2014,
  author    = {Mohit Iyyer and Jordan Boyd-Graber and Leonardo Claudino and Richard Socher and Hal {Daum\'{e} III}},
  booktitle = emnlp,
  year      = {2014},
  title     = {A Neural Network for Factoid Question Answering over Paragraphs}
}

# Shared Tasks

@inproceedings{Boyd-Graber:Iyyer:He:Daume-III-2015,
  author    = {Jordan Boyd-Graber and Mohit Iyyer and He He and Hal {Daum\'{e} III}},
  booktitle = nips,
  location  = {Montreal, Canada},
  year      = {2015},
  title     = {Interactive Incremental Question Answering}
}

# Relevant Papers

@article{Fader:2013ula,
  author  = {Fader, A and Zettlemoyer, L S and Etzioni, O},
  title   = {{Paraphrase-Driven Learning for Open Question Answering.}},
  journal = acl,
  year    = {2013}
}

@article{Fader:2011ve,
  author  = {Fader, Anthony and Soderland, Stephen and Etzioni, Oren},
  title   = {{Identifying Relations for Open Information Extraction.}},
  journal = emnlp,
  year    = {2011},
  pages   = {1535--1545}
}

@article{Fader:2014fl,
  author  = {Fader, Anthony and Zettlemoyer, Luke and Etzioni, Oren},
  title   = {{Open question answering over curated and extracted knowledge bases.}},
  journal = kdd,
  year    = {2014},
  pages   = {1156--1165}
}

@article{Banko:2007ul,
  author  = {Banko, Michele and Cafarella, Michael J and Soderland, Stephen and Broadhead, Matthew and Etzioni, Oren},
  title   = {{Open Information Extraction from the Web.}},
  journal = ijcai,
  year    = {2007}
}

# More QA

@article{Narasimhan:2016uc,
  author  = {Narasimhan, Karthik and Yala, Adam and Barzilay, Regina},
  title   = {{Improving Information Extraction by Acquiring External Evidence with Reinforcement Learning}},
  journal = {arXiv preprint arXiv:1603.07954v3},
  year    = {2016}
}

@article{Mausam:2012wu,
  author  = {{Mausam} and Schmitz, Michael and Soderland, Stephen and Bart, Robert and Etzioni, Oren},
  title   = {{Open Language Learning for Information Extraction.}},
  journal = conll,
  year    = {2012}
}
@article{Labutov:2016uv,
  author  = {Labutov, Igor and Schalekamp, Frans and Luu, Kelvin and Lipson, Hod and Studer, Christoph},
  title   = {{Optimally Discriminative Choice Sets in Discrete Choice Models - Application to Data-Driven Test Design.}},
  journal = kdd,
  year    = {2016}
}

@article{Wang:2007ti,
  author  = {Wang, M and Smith, N A and Mitamura, T},
  title   = {{What is the Jeopardy Model? A Quasi-Synchronous Grammar for QA.}},
  journal = conll,
  year    = {2007}
}

@article{Simmons:1970ew,
  author  = {Simmons, Robert F},
  title   = {{Natural language question-answering systems: 1969}},
  journal = {Communications of the ACM},
  year    = {1970},
  volume  = {13},
  number  = {1},
  pages   = {15--30},
  month   = jan
}

@article{West:2009ue,
  author  = {Robert West and Pineau, Joelle and Precup, Doina},
  title   = {{Wikispeedia - An Online Game for Inferring Semantic Distances between Concepts.}},
  journal = ijcai,
  year    = {2009}
}

@article{miller1995wordnet,
  title     = {WordNet: a lexical database for English},
  author    = {Miller, George A},
  journal   = {Communications of the ACM},
  volume    = {38},
  number    = {11},
  pages     = {39--41},
  year      = {1995},
  publisher = {ACM}
}

@article{Ferrucci2010BuildingWA,
  title   = {Building Watson: An Overview of the DeepQA Project},
  author  = {David A. Ferrucci and Eric W. Brown and Jennifer Chu-Carroll and James Fan and David Gondek and Aditya Kalyanpur and Adam Lally and J. William Murdock and Eric Nyberg and John M. Prager and Nico Schlaefer and Christopher A. Welty},
  journal = {AI Magazine},
  year    = {2010},
  volume  = {31},
  pages   = {59-79}
}

# Word Embeddings

@inproceedings{mikolov2013distributed,
  title     = {Distributed Representations of Words and Phrases and their Compositionality},
  author    = {Tomas Mikolov and Ilya Sutskever and Kai Chen and Gregory S. Corrado and Jeffrey Dean},
  booktitle = nips,
  year      = {2013}
}

@inproceedings{pennington2014glove,
  author    = {Jeffrey Pennington and Richard Socher and Christopher D. Manning},
  booktitle = emnlp,
  title     = {{GloVe}: Global Vectors for Word Representation},
  year      = {2014},
  url       = {https://www.aclweb.org/anthology/D14-1162},
  doi       = {10.3115/v1/D14-1162}
}

@article{joulin2016fasttext,
  title   = {FastText.zip: Compressing text classification models},
  author  = {Joulin, Armand and Grave, Edouard and Bojanowski, Piotr and Douze, Matthijs and J{\'e}gou, H{\'e}rve and Mikolov, Tomas},
  journal = {arXiv preprint arXiv:1612.03651},
  year    = {2016}
}



# QA Datasets

@inproceedings{squad16,
  author    = {Pranav Rajpurkar and Jian Zhang and
      Konstantin Lopyrev and
      Percy Liang},
  title     = {SQuAD: 100, 000+ Questions for Machine Comprehension of Text},
  booktitle = emnlp,
  year      = {2016}
}

@inproceedings{DBLP:conf/acl/HewlettLJPFHKB16,
  author    = {Hewlett, Daniel
  and Lacoste, Alexandre
  and Jones, Llion
  and Polosukhin, Illia
  and Fandrianto, Andrew
  and Han, Jay
  and Kelcey, Matthew
  and Berthelot, David},
  title     = {WikiReading: A Novel Large-scale Language Understanding Task over Wikipedia},
  booktitle = acl,
  year      = {2016}
}


@inproceedings{Berant2013SemanticPO,
  title     = {Semantic Parsing on Freebase from Question-Answer Pairs},
  author    = {Jonathan Berant and Andrew Chou and Roy Frostig and Percy S. Liang},
  booktitle = emnlp,
  year      = {2013}
}

@inproceedings{DBLP:conf/clef/BaudisS15,
  author    = {Petr Baudis and
Jan Sediv{\'{y}}},
  title     = {Modeling of the Question Answering Task in the YodaQA System},
  booktitle = {Experimental {IR} Meets Multilinguality, Multimodality, and Interaction
    - 6th International Conference of the {CLEF} Association, {CLEF} 2015,
    Toulouse, France, September 8-11, 2015, Proceedings},
  pages     = {222--228},
  year      = {2015},
  doi       = {10.1007/978-3-319-24027-5_20}
}

# Memory Networks

@article{DBLP:journals/corr/BordesUCW15,
  author  = {Antoine Bordes and
      Nicolas Usunier and
      Sumit Chopra and
      Jason Weston},
  title   = {Large-scale Simple Question Answering with Memory Networks},
  journal = {arXiv preprint arXiv:1506.02075},
  year    = {2015}
}

@inproceedings{kvnets2016,
  author    = {Alexander H. Miller and
      Adam Fisch and
      Jesse Dodge and
      Amir{-}Hossein Karimi and
      Antoine Bordes and
      Jason Weston},
  title     = {Key-Value Memory Networks for Directly Reading Documents},
  booktitle = emnlp,
  year      = {2016},
  url       = {https://www.aclweb.org/anthology/D16-1147},
  doi       = {10.18653/v1/D16-1147}
}

@inproceedings{DBLP:conf/emnlp/BordesCW14,
  author    = {Antoine Bordes and
      Sumit Chopra and
      Jason Weston},
  title     = {Question Answering with Subgraph Embeddings},
  booktitle = {Proceedings of the 2014 Conference on Empirical Methods in Natural
      Language Processing, {EMNLP} 2014, October 25-29, 2014, Doha, Qatar,
      {A} meeting of SIGDAT, a Special Interest Group of the {ACL}},
  pages     = {615--620},
  year      = {2014},
  url       = {http://aclweb.org/anthology/D/D14/D14-1067.pdf},
  timestamp = {Sat, 15 Nov 2014 14:45:18 +0100},
  biburl    = {http://dblp.uni-trier.de/rec/bib/conf/emnlp/BordesCW14},
  bibsource = {dblp computer science bibliography, http://dblp.org}
}

@article{Dunn2017SearchQAAN,
  title   = {SearchQA: A New Q{\&}A Dataset Augmented with Context from a Search Engine},
  author  = {Matthew Dunn and Levent Sagun and Mike Higgins and V. Ugur G{\"u}ney and Volkan Cirik and Kyunghyun Cho},
  journal = {arXiv preprint arXiv:1704.05179},
  year    = {2017}
}

@inproceedings{chen2017reading,
  title     = {Reading Wikipedia to Answer Open-Domain Questions},
  author    = {Chen, Danqi and Fisch, Adam and Weston, Jason and Bordes, Antoine},
  booktitle = acl,
  year      = {2017}
}

@inproceedings{JoshiTriviaQA2017,
  author    = {Joshi, Mandar and Choi, Eunsol and Weld, Daniel S. and Zettlemoyer, Luke},
  title     = {TriviaQA: A Large Scale Distantly Supervised Challenge Dataset for Reading Comprehension},
  booktitle = acl,
  year      = {2017}
}

@article{DBLP:journals/corr/WestonBCM15,
  author    = {Jason Weston and
    Antoine Bordes and
    Sumit Chopra and
    Tomas Mikolov},
  title     = {Towards AI-Complete Question Answering: {A} Set of Prerequisite Toy
Tasks},
  journal   = {CoRR},
  volume    = {abs/1502.05698},
  year      = {2015},
  url       = {http://arxiv.org/abs/1502.05698},
  timestamp = {Mon, 02 Mar 2015 14:17:34 +0100},
  biburl    = {http://dblp.uni-trier.de/rec/bib/journals/corr/WestonBCM15},
  bibsource = {dblp computer science bibliography, http://dblp.org}
}

# Misc Citations



# Deep learning

@inproceedings{DBLP:journals/jmlr/GlorotBB11,
  author    = {Xavier Glorot and
      Antoine Bordes and
      Yoshua Bengio},
  title     = {Deep Sparse Rectifier Neural Networks},
  booktitle = {Proceedings of the Fourteenth International Conference on Artificial
      Intelligence and Statistics, {AISTATS} 2011, Fort Lauderdale, USA,
      April 11-13, 2011},
  pages     = {315--323},
  year      = {2011},
  url       = {http://www.jmlr.org/proceedings/papers/v15/glorot11a/glorot11a.pdf},
  timestamp = {Thu, 11 Sep 2014 07:28:56 +0200},
  biburl    = {https://dblp.org/rec/bib/journals/jmlr/GlorotBB11},
  bibsource = {dblp computer science bibliography, https://dblp.org}
}

@inproceedings{Kingma2014AdamAM,
  title     = {Adam: A Method for Stochastic Optimization},
  author    = {Diederik P. Kingma and Jimmy Ba},
  booktitle = iclr,
  year      = {2015},
  url       = {http://arxiv.org/abs/1412.6980}
}

@inproceedings{DBLP:conf/icml/IoffeS15,
  title     = {Batch Normalization: Accelerating Deep Network Training by Reducing Internal Covariate Shift},
  author    = {Sergey Ioffe and Christian Szegedy},
  booktitle = icml,
  year      = {2015}
}

@article{DBLP:journals/jmlr/SrivastavaHKSS14,
  title   = {Dropout: a simple way to prevent neural networks from overfitting},
  author  = {Nitish Srivastava and Geoffrey E. Hinton and Alex Krizhevsky and Ilya Sutskever and Ruslan R. Salakhutdinov},
  journal = jmlr,
  year    = {2014},
  volume  = {15},
  pages   = {1929-1958}
}

@article{DBLP:journals/corr/ClevertUH15,
  author        = {Djork{-}Arn{\'{e}} Clevert and
Thomas Unterthiner and
Sepp Hochreiter},
  title         = {Fast and Accurate Deep Network Learning by Exponential Linear Units
    (ELUs)},
  journal       = {CoRR},
  volume        = {abs/1511.07289},
  year          = {2015},
  url           = {http://arxiv.org/abs/1511.07289},
  archiveprefix = {arXiv},
  eprint        = {1511.07289},
  timestamp     = {Wed, 07 Jun 2017 14:40:17 +0200},
  biburl        = {https://dblp.org/rec/bib/journals/corr/ClevertUH15},
  bibsource     = {dblp computer science bibliography, https://dblp.org}
}

@inproceedings{ChoMBB14,
  title     = {On the Properties of Neural Machine Translation: Encoder-Decoder Approaches},
  author    = {Kyunghyun Cho and Bart van Merrienboer and Dzmitry Bahdanau and Yoshua Bengio},
  booktitle = ssst,
  year      = {2014}
}

@article{SchusterP97,
  title   = {Bidirectional recurrent neural networks},
  author  = {Mike Schuster and Kuldip K. Paliwal},
  journal = {IEEE Trans. Signal Processing},
  year    = {1997},
  volume  = {45},
  pages   = {2673-2681}
}

@article{DBLP:journals/neco/HochreiterS97,
  title   = {Long Short-Term Memory},
  author  = {Sepp Hochreiter and J{\"u}rgen Schmidhuber},
  journal = {Neural Computation},
  year    = {1997},
  volume  = {9},
  pages   = {1735-1780}
}

@book{DBLP:series/sci/2012-385,
  author    = {Alex Graves},
  title     = {Supervised Sequence Labelling with Recurrent Neural Networks},
  series    = {Studies in Computational Intelligence},
  volume    = {385},
  publisher = {Springer},
  year      = {2012},
  url       = {https://doi.org/10.1007/978-3-642-24797-2},
  doi       = {10.1007/978-3-642-24797-2},
  isbn      = {978-3-642-24796-5},
  timestamp = {Tue, 16 May 2017 14:24:36 +0200},
  biburl    = {https://dblp.org/rec/bib/series/sci/2012-385},
  bibsource = {dblp computer science bibliography, https://dblp.org}
}




# software
@article{Agarwal2014ARE,
  title   = {A Reliable Effective Terascale Linear Learning System},
  author  = {Alekh Agarwal and Olivier Chapelle and Miroslav Dud{\'i}k and John Langford},
  journal = jmlr,
  year    = {2014},
  volume  = {15},
  pages   = {1111-1133}
}

@article{scikit-learn,
  title   = {Scikit-learn: Machine Learning in {P}ython},
  author  = {Pedregosa, F. and Varoquaux, G. and Gramfort, A. and Michel, V.
      and Thirion, B. and Grisel, O. and Blondel, M. and Prettenhofer, P.
      and Weiss, R. and Dubourg, V. and Vanderplas, J. and Passos, A. and
      Cournapeau, D. and Brucher, M. and Perrot, M. and Duchesnay, E.},
  journal = jmlr,
  volume  = {12},
  number  = {85},
  pages   = {2825--2830},
  year    = {2011},
  url     = {http://jmlr.org/papers/v12/pedregosa11a.html}
}


@book{gormley2015elasticsearch,
  title     = {Elasticsearch: The Definitive Guide},
  author    = {Gormley, Clinton and Tong, Zachary},
  year      = {2015},
  publisher = {" O'Reilly Media, Inc."}
}

@inproceedings{daume16recalltree,
  title     = {Logarithmic Time One-Against-Some},
  author    = {Hal Daum{\'e} and Nikos Karampatziakis and John Langford and Paul Mineiro},
  booktitle = icml,
  year      = {2017}
}

@inproceedings{RobertsonW94,
  author    = {Stephen E. Robertson and
      Steve Walker},
  title     = {Some Simple Effective Approximations to the 2-Poisson Model for Probabilistic
      Weighted Retrieval},
  booktitle = sigir,
  year      = {1994}
}

@article{spacy2,
  author  = {Honnibal, Matthew AND Montani, Ines},
  title   = {spaCy 2: Natural language understanding with Bloom embeddings, convolutional neural networks and incremental parsing},
  year    = {2017},
  journal = {To appear}
}

@inproceedings{feng2018rawr,
  title     = {Pathologies of Neural Models Make Interpretations Difficult},
  author    = {Shi Feng and Eric Wallace and Alvin Grissom II and Mohit Iyyer and Pedro Rodriguez and Jordan Boyd-Graber},
  booktitle = emnlp,
  year      = {2018}
}
@inproceedings{Rajpurkar2018KnowWY,
  title     = {Know What You Don't Know: Unanswerable Questions for SQuAD},
  author    = {Pranav Rajpurkar and Robin Jia and Percy Liang},
  booktitle = acl,
  year      = {2018}
}
@inproceedings{wallace2018trick,
  author  = {Eric Wallace and Pedro Rodriguez and Shi Feng and Jordan Boyd-Graber},
  title   = {Trick Me If You Can: Human-in-the-loop Generation of Adversarial Question Answering Examples},
  year    = {2019},
  journal = tacl
}
@inproceedings{IyyerSCPN2018,
  author    = {Mohit Iyyer and John Wieting and Kevin Gimpel and Luke Zettlemoyer},
  booktitle = naacl,
  year      = {2018},
  title     = {Adversarial Example Generation with Syntactically Controlled Paraphrase Networks}
}
@inproceedings{corenlp,
  author    = {Manning, Christopher D. and  Surdeanu, Mihai  and  Bauer, John  and  Finkel, Jenny  and  Bethard, Steven J. and  McClosky, David},
  title     = {The {Stanford} {CoreNLP} Natural Language Processing Toolkit},
  booktitle = {Association for Computational Linguistics System Demonstrations},
  year      = {2014},
  pages     = {55--60}
}

@online{corenlp_parse,
  title   = {Shift-Reduce Constituency Parser},
  author  = {John Bauer},
  year    = {2014},
  urldate = {2019-04-02},
  url     = {https://nlp.stanford.edu/software/srparser.html}
}

@inproceedings{Vaswani2017AttentionIA,
  title     = {Attention Is All You Need},
  author    = {Ashish Vaswani and Noam Shazeer and Niki Parmar and Jakob Uszkoreit and Llion Jones and Aidan N. Gomez and Lukasz Kaiser and Illia Polosukhin},
  booktitle = nips,
  year      = {2017}
}
@inproceedings{Radford2018ImprovingLU,
  title  = {Improving Language Understanding by Generative Pre-Training},
  author = {Alec Radford},
  year   = {2018}
}

@inproceedings{multiDA2018,
  title     = {Multinomial Adversarial Networks for Multi-Domain Text Classification},
  author    = {Xilun Chen and Claire Cardie},
  booktitle = naacl,
  year      = {2018}
}

@article{2018arXiv180908291B,
  author        = {{Boyce-Jacino}, C. and {DeDeo}, S.},
  title         = {{Opacity, Obscurity, and the Geometry of Question-Asking}},
  journal       = {ArXiv e-prints},
  archiveprefix = {arXiv},
  eprint        = {1809.08291},
  primaryclass  = {cs.CL},
  keywords      = {Computer Science - Computation and Language, Computer Science - Artificial Intelligence, Physics - Physics and Society, Quantitative Biology - Neurons and Cognition},
  year          = 2018,
  month         = sep,
  adsurl        = {http://adsabs.harvard.edu/abs/2018arXiv180908291B},
  adsnote       = {Provided by the SAO/NASA Astrophysics Data System}
}
@mastersthesis{Yoshida2018DomainAF,
  title  = {Domain Adaptation for Factoid Question Answering},
  author = {Davis Yoshida},
  year   = {2018},
  note   = {Applied Mathematics Graduate Theses \& Dissertations},
  school = {University of Colorado at Boulder}
}

@inproceedings{Daum2007FrustratinglyED,
  title     = {Frustratingly Easy Domain Adaptation},
  author    = {Daume III, Hal},
  booktitle = acl,
  year      = {2007}
}

@inproceedings{Blitzer2007BiographiesBB,
  title     = {Biographies, Bollywood, Boom-boxes and Blenders: Domain Adaptation for Sentiment Classification},
  author    = {John Blitzer and Mark Dredze and Fernando Pereira},
  booktitle = acl,
  year      = {2007}
}
@article{Yamada2018StudioOQ,
  title   = {Studio Ousia's Quiz Bowl Question Answering System},
  author  = {Ikuya Yamada and Ryuji Tamaki and Hiroyuki Shindo and Yoshiyasu Takefuji},
  journal = {arXiv preprint arXiv:1803.08652},
  year    = {2018}
}
@article{Yamada2017LearningDR,
  title   = {Learning Distributed Representations of Texts and Entities from Knowledge Base},
  author  = {Ikuya Yamada and Hiroyuki Shindo and Hideaki Takeda and Yoshiyasu Takefuji},
  journal = tacl,
  year    = {2017},
  volume  = {5},
  pages   = {397-411}
}
@inproceedings{augment2018,
  author    = {Shi Feng and Jordan Boyd-Graber},
  title     = {What can AI do for me: Evaluating Machine Learning Interpretations in Cooperative Play},
  year      = {2019},
  booktitle = iui
}
@inproceedings{Petrochuk2018SimpleQuestionsNS,
  title     = {SimpleQuestions Nearly Solved: A New Upperbound and Baseline Approach},
  author    = {Michael Petrochuk and Luke S. Zettlemoyer},
  booktitle = emnlp,
  year      = {2018}
}
@inproceedings{Yang2015WikiQAAC,
  title     = {WikiQA: A Challenge Dataset for Open-Domain Question Answering},
  author    = {Yi Yang and Wen-tau Yih and Christopher Meek},
  booktitle = emnlp,
  year      = {2015}
}
@inproceedings{Trischler2017NewsQAAM,
  title     = {NewsQA: A Machine Comprehension Dataset},
  author    = {Adam Trischler and Tong Wang and Xingdi Yuan and Justin Harris and Alessandro Sordoni and Philip Bachman and Kaheer Suleman},
  booktitle = rep4nlp,
  year      = {2017}
}
@article{Dhingra2017QuasarDF,
  title   = {Quasar: Datasets for Question Answering by Search and Reading},
  author  = {Bhuwan Dhingra and Kathryn Mazaitis and William W. Cohen},
  journal = {arXiv preprint arXiv:1707.03904},
  year    = {2017}
}
@inproceedings{Elgohary2018ADA,
  title     = {A dataset and baselines for sequential open-domain question answering},
  author    = {Ahmed Elgohary and Chen Zhao and Jordan L. Boyd-Graber},
  booktitle = emnlp,
  year      = {2018}
}
@inproceedings{Voorhees2000BuildingAQ,
  title     = {Building a question answering test collection},
  author    = {Ellen M. Voorhees and Dawn M. Tice},
  booktitle = sigir,
  year      = {2000}
}
@inproceedings{Nguyen2016MSMA,
  title     = {{MS} {MARCO}: {A} Human Generated MAchine Reading COmprehension Dataset},
  author    = {Tri Nguyen and Mir Rosenberg and Xia Song and Jianfeng Gao and Saurabh Tiwary and Rangan Majumder and Li Deng},
  booktitle = {Proceedings of the Workshop on Cognitive Computation},
  year      = {2016},
  url       = {http://ceur-ws.org/Vol-1773/CoCoNIPS\_2016\_paper9.pdf}
}

@article{Welbl2018ConstructingDF,
  title   = {Constructing Datasets for Multi-hop Reading Comprehension Across Documents},
  author  = {Johannes Welbl and Pontus Stenetorp and Sebastian Riedel},
  journal = tacl,
  year    = {2018},
  volume  = {6},
  pages   = {287-302}
}
@inproceedings{Yang2018HotpotQAAD,
  title     = {HotpotQA: A Dataset for Diverse, Explainable Multi-hop Question Answering},
  author    = {Zhilin Yang and Peng Qi and Saizheng Zhang and Yoshua Bengio and William W. Cohen and Ruslan Salakhutdinov and Christopher D. Manning},
  booktitle = emnlp,
  year      = {2018}
}
@inproceedings{Sugawara2018WhatMR,
  title     = {What Makes Reading Comprehension Questions Easier?},
  author    = {Saku Sugawara and Kentaro Inui and Satoshi Sekine and Akiko Aizawa},
  booktitle = emnlp,
  year      = {2018}
}
@inproceedings{Gururangan2018AnnotationAI,
  title     = {Annotation Artifacts in Natural Language Inference Data},
  author    = {Suchin Gururangan and Swabha Swayamdipta and Omer Levy and Roy Schwartz and Samuel R. Bowman and Noah A. Smith},
  booktitle = naacl,
  year      = {2018}
}

@article{Goyal2017MakingTV,
  title   = {Making the V in VQA Matter: Elevating the Role of Image Understanding in Visual Question Answering},
  author  = {Yash Goyal and Tejas Khot and Douglas Summers-Stay and Dhruv Batra and Devi Parikh},
  journal = {International Journal of Computer Vision},
  year    = {2017},
  volume  = {127},
  pages   = {398-414}
}
@inproceedings{chen2016thorough,
  title     = {A Thorough Examination of the {CNN/Daily Mail} Reading Comprehension Task},
  author    = {Chen, Danqi and Bolton, Jason and Manning, Christopher D.},
  booktitle = acl,
  year      = {2016}
}

@inproceedings{DBLP:conf/emnlp/KaushikL18,
  title     = {How Much Reading Does Reading Comprehension Require? A Critical Investigation of Popular Benchmarks},
  author    = {Divyansh Kaushik and Zachary Chase Lipton},
  booktitle = emnlp,
  year      = {2018}
}
@inproceedings{he2016opponent,
  title     = {Opponent Modeling in Deep Reinforcement Learning},
  author    = {He He and Jordan L. Boyd-Graber and Kevin Kwok and Hal {Daum{\'e} III}},
  booktitle = icml,
  year      = {2016}
}

@inproceedings{Ng2017MachineLF,
  title     = {Machine Learning for Entity Coreference Resolution: A Retrospective Look at Two Decades of Research},
  author    = {Vincent Ng},
  booktitle = aaai,
  year      = {2017}
}
@article{Durrett2014AJM,
  title   = {A Joint Model for Entity Analysis: Coreference, Typing, and Linking},
  author  = {Greg Durrett and Dan Klein},
  journal = tacl,
  year    = {2014},
  volume  = {2},
  pages   = {477-490}
}
@misc{taylor_mcnulty_meek,
  title     = {Your Starter for Ten: 50 Years of University Challenge},
  url       = {https://www.bbc.co.uk/sounds/play/b01m49vh},
  journal   = {Archive on 4},
  author    = {Taylor, David and McNulty, Colin and Meek, Jo},
  publisher = {BBC Radio 4},
  year      = {2012}
}

@inproceedings{Grissom-II:Orita:Boyd-Graber-2016,
  year      = {2016},
  booktitle = {Conference on Computational Natural Language Learning},
  author    = {Alvin {Grissom II} and Naho Orita and Jordan Boyd-Graber},
  url       = {docs/2016_conll_verbpred.pdf},
  location  = {Berlin, Germany},
  title     = {Incremental Prediction of Sentence-final Verbs}
}
@inproceedings{Grissom-II:He:Boyd-Graber:Morgan:Daume-III-2014,
  year      = {2014},
  booktitle = emnlp,
  author    = {Alvin {Grissom II} and He He and Jordan Boyd-Graber and John Morgan and Hal {Daum\'{e} III}},
  url       = {docs/2014_emnlp_simtrans.pdf},
  location  = {Doha, Qatar},
  title     = {Don't Until the Final Verb Wait: Reinforcement Learning for Simultaneous Machine Translation}
}
@inbook{Yampolskiy-13,
  author    = {Yampolskiy, Roman V.},
  editor    = {Yang, Xin-She},
  title     = {Turing Test as a Defining Feature of AI-Completeness},
  booktitle = {Artificial Intelligence, Evolutionary Computing and Metaheuristics: In the Footsteps of Alan Turing},
  year      = {2013},
  publisher = {Springer Berlin Heidelberg},
  address   = {Berlin, Heidelberg},
  pages     = {3--17},
  isbn      = {978-3-642-29694-9},
  doi       = {10.1007/978-3-642-29694-9_1}
}
@article{Xian2018ZeroShotL,
  title   = {Zero-Shot Learning - A Comprehensive Evaluation of the Good, the Bad and the Ugly},
  author  = {Yongqin Xian and Christoph H. Lampert and Bernt Schiele and Zeynep Akata},
  journal = {IEEE transactions on pattern analysis and machine intelligence},
  year    = {2018}
}
@inproceedings{Singh2018SemanticallyEA,
  title     = {Semantically Equivalent Adversarial Rules for Debugging NLP models},
  author    = {Marco Tulio Ribeiro and Sameer Singh and Carlos Guestrin},
  booktitle = acl,
  year      = {2018}
}
@inproceedings{Patel2008InvestigatingSM,
  title     = {Investigating statistical machine learning as a tool for software development},
  author    = {Kayur Patel and James Fogarty and James A. Landay and Beverly L. Harrison},
  booktitle = chi,
  year      = {2008}
}
@inproceedings{Jia2017AdversarialEF,
  title     = {Adversarial Examples for Evaluating Reading Comprehension Systems},
  author    = {Robin Jia and Percy Liang},
  booktitle = emnlp,
  year      = {2017}
}
@inproceedings{Kim2016FrustratinglyEN,
  title     = {Frustratingly Easy Neural Domain Adaptation},
  author    = {Young-Bum Kim and Karl Stratos and Ruhi Sarikaya},
  booktitle = coling,
  year      = {2016}
}
@book{trebekistan,
  title       = {Prisoner of Trebekistan: a decade in Jeopardy!},
  place       = {New York},
  author      = {Harris, Bob},
  year        = {2006},
  pupublisher = {Crown Publishers}
}
@article{Shen2015EntityLW,
  title   = {Entity Linking with a Knowledge Base: Issues, Techniques, and Solutions},
  author  = {Wei Shen and Jianyong Wang and Jiawei Han},
  journal = {IEEE Transactions on Knowledge and Data Engineering},
  year    = {2015},
  volume  = {27},
  pages   = {443-460}
}
@inproceedings{stuckardt2003coreference,
  title     = {Coreference-based summarization and question answering: a case for high precision anaphor resolution},
  author    = {Stuckardt, Roland},
  booktitle = {International Symposium on Reference Resolution},
  year      = {2003}
}
@inproceedings{Kupiec1993MURAXAR,
  title     = {MURAX: A Robust Linguistic Approach for Question Answering Using an On-Line Encyclopedia},
  author    = {Julian Kupiec},
  booktitle = sigir,
  year      = {1993}
}
@inproceedings{Papineni2002BleuAM,
  title     = {Bleu: a Method for Automatic Evaluation of Machine Translation},
  author    = {Kishore Papineni and Salim Roukos and Todd Ward and Wei-Jing Zhu},
  booktitle = acl,
  year      = {2002}
}
@inproceedings{Lin2004ROUGEAP,
  author    = {Lin, Chin-Yew},
  title     = {ROUGE: A Package for Automatic Evaluation of Summaries},
  booktitle = {Text Summarization Branches Out},
  year      = {2004}
}
@article{Tesauro2013AnalysisOW,
  title   = {Analysis of Watson's Strategies for Playing Jeopardy!},
  author  = {Gerald Tesauro and David Gondek and Jonathan Lenchner and James Fan and John M. Prager},
  journal = jair,
  year    = {2013},
  volume  = {47},
  pages   = {205-251}
}
@article{Palangi2016DeepSE,
  title   = {Deep Sentence Embedding Using Long Short-Term Memory Networks: Analysis and Application to Information Retrieval},
  author  = {Hamid Palangi and Li Deng and Yelong Shen and Jianfeng Gao and Xiaodong He and Jianshu Chen and Xinying Song and Rabab Kreidieh Ward},
  journal = {IEEE/ACM Transactions on Audio, Speech, and Language Processing},
  year    = {2016},
  volume  = {24},
  pages   = {694-707}
}
@inproceedings{Peters2018,
  author    = {Peters, Matthew E. and  Neumann, Mark and Iyyer, Mohit and Gardner, Matt and Clark, Christopher and Lee, Kenton and Zettlemoyer, Luke},
  title     = {Deep contextualized word representations},
  booktitle = naacl,
  year      = {2018}
}
@inproceedings{Devlin2018BERTPO,
  title     = {{BERT}: Pre-training of Deep Bidirectional Transformers for Language Understanding},
  author    = {Jacob Devlin and Ming-Wei Chang and Kenton Lee and Kristina Toutanova},
  booktitle = naacl,
  year      = {2018},
  url       = {https://www.aclweb.org/anthology/N19-1423},
  doi       = {10.18653/v1/N19-1423}
}
@article{Elman1990FindingSI,
  title   = {Finding Structure in Time},
  author  = {Jeffrey L. Elman},
  journal = {Cognitive Science},
  year    = {1990},
  volume  = {14},
  pages   = {179-211}
}
@article{Linzen2016AssessingTA,
  title   = {Assessing the Ability of LSTMs to Learn Syntax-Sensitive Dependencies},
  author  = {Tal Linzen and Emmanuel Dupoux and Yoav Goldberg},
  journal = tacl,
  year    = {2016},
  volume  = {4},
  pages   = {521-535}
}
@inproceedings{Dai2015SemisupervisedSL,
  title     = {Semi-supervised Sequence Learning},
  author    = {Andrew M. Dai and Quoc V. Le},
  booktitle = nips,
  year      = {2015}
}
@inproceedings{Wang2018MultigranularityHA,
  title     = {Multi-granularity hierarchical attention fusion networks for reading comprehension and question answering},
  author    = {Wei Wang and Chen Chi Wu and Ming Yan},
  booktitle = acl,
  year      = {2018}
}

@inproceedings{hendrycks2016baseline,
  title     = {A Baseline for Detecting Misclassified and Out-of-Distribution Examples in Neural Networks},
  author    = {Dan Hendrycks and Kevin Gimpel},
  booktitle = iclr,
  year      = {2017}
}

@article{qb19,
  author  = {Pedro Rodriguez and Shi Feng and Mohit Iyyer and He He and Jordan Boyd-Graber},
  title   = {Quizbowl: The Case for Incremental Question Answering},
  journal = {arXiv preprint arXiv:1904.04792},
  year    = {2019}
}
@article{Ferragina2012FastAA,
  title   = {Fast and Accurate Annotation of Short Texts with Wikipedia Pages},
  author  = {Paolo Ferragina and Ugo Scaiella},
  journal = {IEEE Software},
  year    = {2012},
  volume  = {29},
  pages   = {70-75}
}
@inproceedings{Clark2018SimpleAE,
  title     = {Simple and Effective Multi-Paragraph Reading Comprehension},
  author    = {Christopher Clark and Matt Gardner},
  booktitle = acl,
  year      = {2018}
}
@article{Seo2017BidirectionalAF,
  title   = {Bidirectional Attention Flow for Machine Comprehension},
  author  = {Min Joon Seo and Aniruddha Kembhavi and Ali Farhadi and Hannaneh Hajishirzi},
  journal = {CoRR},
  year    = {2017},
  volume  = {abs/1611.01603}
}
@inproceedings{yamada2018wikipedia2vec,
  title     = {{Wikipedia2Vec}: An Efficient Toolkit for Learning and Visualizing the Embeddings of Words and Entities from Wikipedia},
  author    = {Yamada, Ikuya and Asai, Akari and Shindo, Hiroyuki and Takeda, Hideaki and Takefuji, Yoshiyasu},
  booktitle = emnlp,
  year      = {2020}
}


% IR Cites
@article{intrinsic-diversity,
  author    = {Raman, Karthik and Bennett, Paul N. and Collins-Thompson,Kevyn},
  title     = {Understanding Intrinsic Diversity in Web Search: Improving Whole-Session Relevance},
  booktitle = {ACM Transactions on Information Systems (TOIS)},
  year      = {2014},
  month     = {October},
  publisher = {ACM},
  address   = {},
  pages     = {},
  journal   = {ACM Transactions on Information Systems},
  volume    = {32},
  chapter   = {3},
  isbn      = {}
}
@inproceedings{Lin2009IdentifyingIA,
  title     = {Identifying interesting assertions from the web},
  author    = {Thomas Lin and Oren Etzioni and James Fogarty},
  booktitle = cikm,
  year      = {2009}
}
@inproceedings{Chhibber2018HumanPO,
  title  = {Human Perception of Surprise: A User Study},
  author = {Nalin Chhibber and Rohail Syed and Mengqiu Teng and Joslin Goh and Kevyn Collins-Thompson and Edith Law},
  year   = {2018}
}
@article{Bordes2016LearningEG,
  title   = {Learning End-to-End Goal-Oriented Dialog},
  author  = {Antoine Bordes and Jason Weston},
  journal = {CoRR},
  year    = {2016},
  volume  = {abs/1605.07683}
}
@article{Law2017AWS,
  title   = {A Wizard-of-Oz study of curiosity in human-robot interaction},
  author  = {Edith Law and Vicky Cai and Qi Feng Liu and Sajin Sasy and Joslin Goh and Alex Blidaru and Dana Kulic},
  journal = {2017 26th IEEE International Symposium on Robot and Human Interactive Communication (RO-MAN)},
  year    = {2017},
  pages   = {607-614}
}
@article{Parzuchowski2008WellSM,
  title   = {Well, slap my thigh: expression of surprise facilitates memory of surprising material.},
  author  = {Michal Parzuchowski and Aleksandra Szymkow-Sudziarska},
  journal = {Emotion},
  year    = {2008},
  volume  = {8 3},
  pages   = {430-4}
}
@article{Li2016AUS,
  title   = {A User Simulator for Task-Completion Dialogues},
  author  = {Xiujun Li and Zachary C. Lipton and Bhuwan Dhingra and Lihong Li and Jianfeng Gao and Yun-Nung Chen},
  journal = {CoRR},
  year    = {2016},
  volume  = {abs/1612.05688}
}
@inproceedings{Tsurel2017FunFA,
  title     = {Fun Facts: Automatic Trivia Fact Extraction from Wikipedia},
  author    = {David Tsurel and Dan Pelleg and Ido Guy and Dafna Shahaf},
  booktitle = wsdm,
  year      = {2017}
}
@inproceedings{Dhingra2017TowardsE,
  title     = {Towards End-to-End Reinforcement Learning of Dialogue Agents for Information Access},
  author    = {Bhuwan Dhingra and Lihong Li and Xiujun Li and Jianfeng Gao and Yun-Nung Chen and Faisal Ahmed and Li Deng},
  booktitle = acl,
  year      = {2017}
}

@inproceedings{Qiu2017AliMeCA,
  title     = {AliMe Chat: A Sequence to Sequence and Rerank based Chatbot Engine},
  author    = {Minghui Qiu and Feng-Lin Li and Siyu Wang and Xing Gao and Yan Chen and Weipeng Zhao and Haiqing Chen and Jun Huang and Wei Chu},
  booktitle = acl,
  year      = {2017}
}
@inproceedings{Cote2018TextWorldAL,
  title  = {TextWorld: A Learning Environment for Text-based Games},
  author = {Marc-Alexandre Cot'e and 'Akos K'ad'ar and Xingdi Yuan and Ben A. Kybartas and Tavian Barnes and Emery Fine and J. Moore and Matthew J. Hausknecht and Layla El Asri and Mahmoud Adada and Wendy W Tay and Adam Trischler},
  year   = {2018}
}
@inproceedings{Yang2018ResponseRW,
  title     = {Response Ranking with Deep Matching Networks and External Knowledge in Information-seeking Conversation Systems},
  author    = {Liu Yang and Minghui Qiu and Chen Qu and Jiafeng Guo and Yongfeng Zhang and W. Bruce Croft and Jun Huang and Haiqing Chen},
  booktitle = sigir,
  year      = {2018}
}
@article{Jansen2007DefiningAS,
  title   = {Defining a session on Web search engines},
  author  = {Bernard Jim Jansen and Amanda Spink and Chris Blakely and Sherry Koshman},
  journal = {JASIST},
  year    = {2007},
  volume  = {58},
  pages   = {862-871}
}
@inproceedings{West2012AutomaticVH,
  title     = {Automatic Versus Human Navigation in Information Networks},
  author    = {Robert West and Jure Leskovec},
  booktitle = icwsm,
  year      = {2012}
}
@inproceedings{West2012HumanWI,
  title     = {Human wayfinding in information networks},
  author    = {Robert West and Jure Leskovec},
  booktitle = www,
  year      = {2012}
}
@inproceedings{West2009WikispeediaAO,
  title     = {Wikispeedia: An Online Game for Inferring Semantic Distances between Concepts},
  author    = {Robert West and Joelle Pineau and Doina Precup},
  booktitle = ijcai,
  year      = {2009}
}
@inproceedings{Ruan:2019:QDA:3290605.3300587,
  author    = {Ruan, Sherry and Jiang, Liwei and Xu, Justin and Tham, Bryce Joe-Kun and Qiu, Zhengneng and Zhu, Yeshuang and Murnane, Elizabeth L. and Brunskill, Emma and Landay, James A.},
  title     = {QuizBot: A Dialogue-based Adaptive Learning System for Factual Knowledge},
  booktitle = chi,
  year      = {2019}
}
@inproceedings{ChoiQuAC2018,
  author    = {Eunsol Choi and He He and Mohit Iyyer and Mark Yatskar and Wen-tau Yih and Yejin Choi and Percy Liang and Luke Zettlemoyer},
  booktitle = emnlp,
  year      = {2018},
  title     = {{Q}u{AC}: Question Answering in Context},
  url       = {https://www.aclweb.org/anthology/D18-1241},
  doi       = {10.18653/v1/D18-1241}
}
@article{Reddy2018CoQAAC,
  title   = {{C}o{QA}: A Conversational Question Answering Challenge},
  author  = {Siva Reddy and Danqi Chen and Christopher D. Manning},
  journal = tacl,
  year    = {2019},
  month   = mar,
  volume  = {7},
  pages   = {249--266},
  url     = {https://www.aclweb.org/anthology/Q19-1016},
  doi     = {10.1162/tacl_a_00266}
}
@inproceedings{Fang2018SoundingBA,
  title     = {Sounding Board: A User-Centric and Content-Driven Social Chatbot},
  author    = {Hao Fang and Hao Cheng and Maarten Sap and Elizabeth Clark and Ari Holtzman and Yejin Choi and Noah A. Smith and Mari Ostendorf},
  booktitle = naacl,
  year      = {2018}
}
@article{miller2017parlai,
  title   = {Parl{AI}: A Dialog Research Software Platform},
  author  = {{Miller}, A.~H. and {Feng}, W. and {Fisch}, A. and {Lu}, J. and {Batra}, D. and {Bordes}, A. and {Parikh}, D. and {Weston}, J.},
  journal = {arXiv:1705.06476},
  eprint  = {arXiv:1705.06476},
  year    = {2017},
  url     = {https://arxiv.org/abs/1705.06476}
}
@inproceedings{zhang-etal-2018-personalizing,
  title     = {Personalizing Dialogue Agents: {I} have a dog, do you have pets too?},
  author    = {Zhang, Saizheng  and
Dinan, Emily  and
Urbanek, Jack  and
Szlam, Arthur  and
Kiela, Douwe  and
Weston, Jason},
  year      = {2018},
  booktitle = acl,
  url       = {https://www.aclweb.org/anthology/P18-1205},
  doi       = {10.18653/v1/P18-1205}
}
@inproceedings{moon-etal-2019-opendialkg,
  title     = {{O}pen{D}ial{KG}: Explainable Conversational Reasoning with Attention-based Walks over Knowledge Graphs},
  author    = {Moon, Seungwhan  and
Shah, Pararth  and
Kumar, Anuj  and
Subba, Rajen},
  booktitle = acl,
  year      = {2019},
  url       = {https://www.aclweb.org/anthology/P19-1081},
  doi       = {10.18653/v1/P19-1081}
}
@inproceedings{dinan2019wizard,
  author    = {Emily Dinan and Stephen Roller and Kurt Shuster and Angela Fan and Michael Auli and Jason Weston},
  title     = {{W}izard of {W}ikipedia: Knowledge-powered Conversational Agents},
  booktitle = iclr,
  year      = {2019},
  url       = {https://openreview.net/forum?id=r1l73iRqKm}
}
@inproceedings{ghazvininejad2018a,
  author    = {Ghazvininejad, Marjan and Brockett, Chris and Chang, Ming-Wei and Dolan, Bill and Gao, Jianfeng and Yih, Scott Wen-tau and Galley, Michel},
  title     = {A Knowledge-Grounded Neural Conversation Model},
  booktitle = aaai,
  year      = {2018},
  url       = {https://doi.org/10.1609/aaai.v34i05.6474},
  doi       = {10.1609/aaai.v34i05.6474}
}
@inproceedings{Bast2014EasyAT,
  title     = {Easy access to the freebase dataset},
  author    = {Hannah Bast and Florian B{\"a}urle and Bj{\"o}rn Buchhold and Elmar Haussmann},
  booktitle = www,
  year      = {2014},
  url       = {https://doi.org/10.1145/2567948.2577016},
  doi       = {10.1145/2567948.2577016}
}
@article{Weston2015MemoryN,
  title   = {Memory Networks},
  author  = {Jason Weston and Sumit Chopra and Antoine Bordes},
  journal = iclr,
  year    = {2015},
  url     = {https://arxiv.org/abs/1410.3916}
}
@inproceedings{Sukhbaatar2015EndToEndMN,
  title     = {End-To-End Memory Networks},
  author    = {Sainbayar Sukhbaatar and Arthur Szlam and Jason Weston and Rob Fergus},
  booktitle = nips,
  year      = {2015},
  url       = {http://papers.nips.cc/paper/5846-end-to-end-memory-networks.pdf}
}

@inproceedings{Logan2019BaracksWH,
  title     = {Barack's Wife Hillary: Using Knowledge Graphs for Fact-Aware Language Modeling},
  author    = {Robert L Logan and Nelson F. Liu and Matthew E. Peters and Matt Gardner and Sameer Singh},
  booktitle = acl,
  year      = {2019}
}
@inproceedings{Zhou2018CommonsenseKA,
  title     = {Commonsense Knowledge Aware Conversation Generation with Graph Attention},
  author    = {Hao Zhou and Tom Young and Minlie Huang and Haizhou Zhao and Jingfang Xu and Xiaoyan Zhu},
  booktitle = ijcai,
  year      = {2018},
  doi       = {10.24963/ijcai.2018/643},
  url       = {https://doi.org/10.24963/ijcai.2018/643}
}
@inproceedings{Han2015ExploitingKB,
  title     = {Exploiting knowledge base to generate responses for natural language dialog listening agents},
  author    = {Sangdo Han and Jeesoo Bang and Seonghan Ryu and Gary Geunbae Lee},
  booktitle = sigdial,
  year      = {2015},
  url       = {https://www.aclweb.org/anthology/W15-4616},
  doi       = {10.18653/v1/W15-4616}
}
@article{Ahn2017ANK,
  title   = {A Neural Knowledge Language Model},
  author  = {Sungjin Ahn and Heeyoul Choi and Tanel P{\"a}rnamaa and Yoshua Bengio},
  journal = {ArXiv},
  year    = {2017},
  volume  = {abs/1608.00318}
}
@inproceedings{Sokolov2016LearningSP,
  title     = {Learning Structured Predictors from Bandit Feedback for Interactive NLP},
  author    = {Artem Sokolov and Julia Kreutzer and Christopher Lo and Stefan Riezler},
  booktitle = acl,
  year      = {2016}
}
@inproceedings{Young2017AugmentingED,
  title     = {Augmenting End-to-End Dialogue Systems With Commonsense Knowledge},
  author    = {Tom Young and Erik Cambria and Iti Chaturvedi and Hao Zhou and Subham Biswas and Minlie Huang},
  booktitle = aaai,
  year      = {2018},
  url       = {https://www.aaai.org/ocs/index.php/AAAI/AAAI18/paper/view/16573/16030}
}
@inproceedings{Parthasarathi2018ExtendingNG,
  title     = {Extending Neural Generative Conversational Model using External Knowledge Sources},
  author    = {Prasanna Parthasarathi and Joelle Pineau},
  booktitle = emnlp,
  year      = {2018},
  url       = {https://www.aclweb.org/anthology/D18-1073},
  doi       = {10.18653/v1/D18-1073}
}
@inproceedings{Sutskever2014SequenceTS,
  title     = {Sequence to Sequence Learning with Neural Networks},
  author    = {Ilya Sutskever and Oriol Vinyals and Quoc V. Le},
  booktitle = nips,
  year      = {2014},
  url       = {http://papers.nips.cc/paper/5346-sequence-to-sequence-learning-with-neural-networks.pdf}
}
@inproceedings{Tian2019LearningTA,
  title     = {Learning to Abstract for Memory-augmented Conversational Response Generation},
  author    = {Zhiliang Tian and Wei Bi and Xiaopeng Li and Nevin Lianwen Zhang},
  booktitle = acl,
  year      = {2019}
}
@inproceedings{Qin2019ConversingBR,
  title     = {Conversing by Reading: Contentful Neural Conversation with On-demand Machine Reading},
  author    = {Lianhui Qin and Michel Galley and Chris Brockett and Xiaodong Liu and Xiang Gao and Bill Dolan and Yejin Choi and Jianfeng Gao},
  booktitle = acl,
  year      = {2019},
  url       = {https://www.aclweb.org/anthology/P19-1539},
  doi       = {10.18653/v1/P19-1539}
}
@inproceedings{paszke2017automatic,
  title     = {{PyTorch}: An Imperative Style, High-Performance Deep Learning Library},
  author    = {Paszke, Adam and Gross, Sam and Massa, Francisco and Lerer, Adam and Bradbury, James and Chanan, Gregory and Killeen, Trevor and Lin, Zeming and Gimelshein, Natalia and Antiga, Luca and Desmaison, Alban and Kopf, Andreas and Yang, Edward and DeVito, Zachary and Raison, Martin and Tejani, Alykhan and Chilamkurthy, Sasank and Steiner, Benoit and Fang, Lu and Bai, Junjie and Chintala, Soumith},
  booktitle = nips,
  year      = {2019},
  url       = {http://papers.neurips.cc/paper/9015-pytorch-an-imperative-style-high-performance-deep-learning-library.pdf}
}
@article{Gardner2018AllenNLPAD,
  title   = {Allen{NLP}: A Deep Semantic Natural Language Processing Platform},
  author  = {Matt Gardner and Joel Grus and Mark Neumann and Oyvind Tafjord and Pradeep Dasigi and Nelson F. Liu and Matthew E. Peters and Michael Schmitz and Luke S. Zettlemoyer},
  journal = {arXiv:1803.07640},
  year    = {2018},
  eprint  = {arXiv:1803.07640}
}
@inproceedings{Moghe2018TowardsEB,
  title     = {Towards Exploiting Background Knowledge for Building Conversation Systems},
  author    = {Nikita Moghe and Siddhartha Arora and Suman Banerjee and Mitesh M. Khapra},
  booktitle = emnlp,
  year      = {2018},
  url       = {https://www.aclweb.org/anthology/D18-1255},
  doi       = {10.18653/v1/D18-1255}
}
@article{Kelley1984AnID,
  title   = {An Iterative Design Methodology for User-Friendly Natural Language Office Information Applications},
  author  = {J. F. Kelley},
  journal = {ACM Trans. Inf. Syst.},
  year    = {1984},
  volume  = {2},
  pages   = {26-41},
  url     = {https://doi.org/10.1145/357417.357420},
  doi     = {10.1145/357417.357420}
}
@inproceedings{Wen2016ANE,
  title     = {A Network-based End-to-End Trainable Task-oriented Dialogue System},
  author    = {Tsung-Hsien Wen and Milica Gasic and Nikola Mrksic and Lina Maria Rojas-Barahona and Pei-hao Su and Stefan Ultes and David Vandyke and Steve J. Young},
  booktitle = eacl,
  year      = {2017},
  url       = {https://www.aclweb.org/anthology/E17-1042}
}
@inproceedings{He2017LearningSC,
  title     = {Learning Symmetric Collaborative Dialogue Agents with Dynamic Knowledge Graph Embeddings},
  author    = {He He and Anusha Balakrishnan and Mihail Eric and Percy Liang},
  booktitle = acl,
  year      = {2017},
  url       = {https://www.aclweb.org/anthology/P17-1162},
  doi       = {10.18653/v1/P17-1162}
}
@article{Ram2018ConversationalAT,
  title   = {Conversational {AI}: The Science Behind the Alexa Prize},
  author  = {Ashwin Ram and Rohit Prasad and Chandra Khatri and Anu Venkatesh and Raefer Gabriel and Qing Liu and Jeff Nunn and Behnam Hedayatnia and Ming Cheng and Ashish Nagar and Eric King and Kate Bland and Amanda Wartick and Yi Pan and Han Song and Sk Jayadevan and Gene Hwang and Art Pettigrue},
  journal = {arXiv:1801.03604},
  eprint  = {arXiv:1801.03604},
  year    = {2018}
}
@inproceedings{Eric2017KeyValueRN,
  title     = {Key-Value Retrieval Networks for Task-Oriented Dialogue},
  author    = {Mihail Eric and Christopher D. Manning},
  booktitle = sigdial,
  year      = {2017},
  url       = {https://www.aclweb.org/anthology/W17-5506},
  doi       = {10.18653/v1/W17-5506}
}
@inproceedings{Zhou2018ADF,
  title     = {A Dataset for Document Grounded Conversations},
  author    = {Kangyan Zhou and Shrimai Prabhumoye and Alan W. Black},
  booktitle = emnlp,
  year      = {2018},
  url       = {https://www.aclweb.org/anthology/D18-1076},
  doi       = {10.18653/v1/D18-1076}
}
@inproceedings{Liu2018KnowledgeDF,
  title     = {Knowledge Diffusion for Neural Dialogue Generation},
  author    = {Shuman Liu and Hongshen Chen and Zhaochun Ren and Yang Feng and Qun Liu and Dawei Yin},
  booktitle = acl,
  year      = {2018},
  url       = {https://www.aclweb.org/anthology/P18-1138},
  doi       = {10.18653/v1/P18-1138}
}
@inproceedings{Yu2016StrategyAP,
  title     = {Strategy and Policy Learning for Non-Task-Oriented Conversational Systems},
  author    = {Zhou Yu and Ziyu Xu and Alan W. Black and Alexander I. Rudnicky},
  booktitle = sigdial,
  year      = {2016}
}
@article{Misra2017FromRW,
  title   = {From Red Wine to Red Tomato: Composition with Context},
  author  = {Ishan Misra and Abhinav Gupta and Martial Hebert},
  journal = cvpr,
  year    = {2017},
  pages   = {1160-1169}
}
@article{Farhadi2009DescribingOB,
  title   = {Describing objects by their attributes},
  author  = {Ali Farhadi and Ian Endres and Derek Hoiem and David A. Forsyth},
  journal = cvpr,
  year    = {2009},
  pages   = {1778-1785}
}
@inproceedings{Bunt2012ISO2A,
  title     = {{ISO} 24617-2: A semantically-based standard for dialogue annotation},
  author    = {Harry Bunt and Jan Alexandersson and Jae-Woong Choe and Alex Chengyu Fang and K{\^o}iti Hasida and Volha Petukhova and Andrei Popescu-Belis and David R. Traum},
  booktitle = lrec,
  year      = {2012},
  url       = {http://www.lrec-conf.org/proceedings/lrec2012/pdf/530_Paper.pdf}
}
@inproceedings{Bunt2010TowardsAI,
  title     = {Towards an {ISO} Standard for Dialogue Act Annotation},
  author    = {Harry Bunt and Jan Alexandersson and Jean Carletta and Jae-Woong Choe and Alex Chengyu Fang and K{\^o}iti Hasida and Kiyong Lee and Volha Petukhova and Andrei Popescu-Belis and Laurent Romary and Claudia Soria and David R. Traum},
  booktitle = lrec,
  year      = {2010},
  url       = {http://www.lrec-conf.org/proceedings/lrec2010/pdf/560_Paper.pdf}
}
@inproceedings{Gopal2019topical,
  title     = {Topical-Chat: Towards Knowledge-Grounded Open-Domain Conversations},
  author    = {Karthik Gopalakrishnan and Behnam Hedayatnia and Qinlang Chen and Anna Gottardi and Sanjeev Kwatra and Anu Venkatesh and Raefer Gabriel and Dilek Hakkani-Tür},
  booktitle = interspeech,
  year      = {2019},
  doi       = {10.21437/Interspeech.2019-3079},
  url       = {http://dx.doi.org/10.21437/Interspeech.2019-3079}
}
@inbook{Bunt2017,
  author    = {Bunt, Harry
  and Petukhova, Volha
  and Traum, David
  and Alexandersson, Jan},
  editor    = {Dahl, Deborah A.},
  title     = {Dialogue Act Annotation with the ISO 24617-2 Standard},
  booktitle = {Multimodal Interaction with W3C Standards: Toward Natural User Interfaces to Everything},
  year      = {2017},
  publisher = {Springer International Publishing},
  address   = {Cham},
  pages     = {109--135}
}
@inproceedings{Serban2015BuildingED,
  title     = {Building End-To-End Dialogue Systems Using Generative Hierarchical Neural Network Models},
  author    = {Iulian Serban and Alessandro Sordoni and Yoshua Bengio and Aaron C. Courville and Joelle Pineau},
  booktitle = aaai,
  year      = {2015},
  url       = {https://www.aaai.org/ocs/index.php/AAAI/AAAI16/paper/download/11957/12160}
}
@article{Sordoni2015AHR,
  title   = {A Hierarchical Recurrent Encoder-Decoder for Generative Context-Aware Query Suggestion},
  author  = {Alessandro Sordoni and Yoshua Bengio and Hossein Vahabi and Christina Lioma and Jakob Grue Simonsen and Jian-Yun Nie},
  journal = cikm,
  year    = {2015},
  url     = {https://doi.org/10.1145/2806416.2806493},
  doi     = {10.1145/2806416.2806493}
}
@article{Hendrycks2017BridgingNA,
  title   = {Gaussian Error Linear Units ({GELU}s)},
  author  = {Dan Hendrycks and Kevin Gimpel},
  journal = {arXiv:1606.08415},
  eprint  = {arXiv:1606.08415},
  year    = {2017},
  url     = {https://arxiv.org/abs/1606.08415}
}
@inproceedings{gupta-etal-2017-entity,
  title     = {Entity Linking via Joint Encoding of Types, Descriptions, and Context},
  author    = {Gupta, Nitish and Singh, Sameer  and Roth, Dan},
  booktitle = acl,
  year      = {2017},
  url       = {https://www.aclweb.org/anthology/D17-1284},
  doi       = {10.18653/v1/D17-1284}
}
@inproceedings{See2019WhatMA,
  title     = {What makes a good conversation? {H}ow controllable attributes affect human judgments},
  author    = {Abigail See and Stephen Roller and Douwe Kiela and Jason Weston},
  booktitle = naacl,
  year      = {2019},
  url       = {https://www.aclweb.org/anthology/N19-1170},
  doi       = {10.18653/v1/N19-1170}
}
@article{Sankar2019DeepRL,
  title   = {Deep Reinforcement Learning For Modeling Chit-Chat Dialog With Discrete Attributes},
  author  = {Chinnadhurai Sankar and Sujith Ravi},
  journal = sigdial,
  year    = {2019},
  url     = {https://www.aclweb.org/anthology/W19-5901},
  doi     = {10.18653/v1/W19-5901}
}
@inproceedings{rao-daume-iii-2018-learning,
  title     = {Learning to Ask Good Questions: Ranking Clarification Questions using Neural Expected Value of Perfect Information},
  author    = {Rao, Sudha  and Daum{\'e} III, Hal},
  booktitle = acl,
  year      = {2018}
}
@inproceedings{settles-meeder-2016-trainable,
  title     = {A Trainable Spaced Repetition Model for Language Learning},
  author    = {Settles, Burr  and Meeder, Brendan},
  booktitle = acl,
  year      = {2016}
}
@inproceedings{kreutzer-etal-2018-neural,
  title     = {Can Neural Machine Translation be Improved with User Feedback?},
  author    = {Kreutzer, Julia  and Khadivi, Shahram  and Matusov, Evgeny  and Riezler, Stefan},
  booktitle = acl,
  year      = {2018}
}
@inproceedings{Cohan2019StructuralSF,
  title     = {Structural Scaffolds for Citation Intent Classification in Scientific Publications},
  author    = {Arman Cohan and Waleed Ammar and Madeleine van Zuylen and Field Cady},
  booktitle = naacl,
  year      = {2019}
}
@inproceedings{Betts2019GrapALCT,
  title     = {GrapAL: Connecting the Dots in Scientific Literature},
  author    = {Christine Betts and Joanna L. Power and Waleed Ammar},
  booktitle = acl,
  year      = {2019}
}
@inproceedings{Wallace2019Triggers,
  author    = {Eric Wallace and Shi Feng and Nikhil Kandpal and Matt Gardner and Sameer Singh},
  booktitle = emnlp,
  year      = {2019},
  title     = {Universal Adversarial Triggers for Attacking and Analyzing {NLP}}
}
@article{Dinan2019BuildIB,
  title     = {Build it Break it Fix it for Dialogue Safety: Robustness from Adversarial Human Attack},
  author    = {Emily Dinan and Samuel Humeau and Bharath Chintagunta and Jason Weston},
  booktitle = emnlp,
  year      = {2019}
}
@inproceedings{Feng:Boyd-Graber-2019,
  title     = {What AI can do for me: Evaluating Machine Learning Interpretations in Cooperative Play},
  author    = {Shi Feng and Jordan Boyd-Graber},
  booktitle = iui,
  year      = {2019}
}
@inproceedings{Radlinski2017ATF,
  title     = {A Theoretical Framework for Conversational Search},
  author    = {Filip Radlinski and Nick Craswell},
  booktitle = chiir,
  year      = {2017},
  url       = {https://doi.org/10.1145/3020165.3020183},
  doi       = {10.1145/3020165.3020183}
}
@book{ed-psych,
  editor    = {Kelvin Seifert},
  author    = {Kelvin Seifert and Rosemary Sutton},
  title     = {Educational Psychology},
  publisher = {University of Georgia: Global Textbook Project},
  year      = {2009},
  pages     = {33--37},
  url       = {https://resources.saylor.org/wwwresources/archived/site/wp-content/uploads/2011/04/Educational-Psychology.pdf}
}
@article{Dodge2019ShowYW,
  title   = {Show Your Work: Improved Reporting of Experimental Results},
  author  = {Jesse Dodge and Suchin Gururangan and Dallas Card and Roy Schwartz and Noah A. Smith},
  journal = emnlp,
  year    = {2019}
}
@book{kripp2004,
  title     = {Content Analysis: an Introduction to its Methodology},
  author    = {Klaus Krippendorff},
  publisher = {Sage},
  year      = {2004},
  note      = {Chapter 11},
  isbn      = {9780761915454},
  lccn      = {2003014200}
}
@inproceedings{Li2008LearningTR,
  title     = {Learning to Rank Using Classification and Gradient Boosting},
  author    = {Ping Li and Christopher J. C. Burges and Qiang Wu},
  booktitle = nips,
  year      = {2008},
  url       = {http://papers.nips.cc/paper/3270-mcrank-learning-to-rank-using-multiple-classification-and-gradient-boosting.pdf}
}
@inproceedings{tanaka-etal-2019-dialogue,
  title     = {Dialogue-Act Prediction of Future Responses Based on Conversation History},
  author    = {Tanaka, Koji  and Takayama, Junya  and Arase, Yuki},
  booktitle = acl,
  year      = {2019},
  url       = {https://www.aclweb.org/anthology/P19-2027},
  doi       = {10.18653/v1/P19-2027}
}
@inproceedings{Lian2019LearningTS,
  title     = {Learning to Select Knowledge for Response Generation in Dialog Systems},
  author    = {Rongzhong Lian and Min Xie and Fan Wang and Jinhua Peng and Hua Wu},
  booktitle = ijcai,
  year      = {2019},
  doi       = {10.24963/ijcai.2019/706},
  url       = {https://doi.org/10.24963/ijcai.2019/706}
}
@inproceedings{Reithinger1996PredictingDA,
  title     = {Predicting dialogue acts for a speech-to-speech translation system},
  author    = {Norbert Reithinger and Ralf Engel and Michael Kipp and Martin Klesen},
  year      = {1996},
  booktitle = icslp
}
@inproceedings{kalchbrenner-blunsom-2013-recurrent,
  title     = {Recurrent Convolutional Neural Networks for Discourse Compositionality},
  author    = {Kalchbrenner, Nal and Blunsom, Phil},
  booktitle = {Proceedings of the Workshop on Continuous Vector Space Models and their Compositionality},
  year      = {2013},
  url       = {https://www.aclweb.org/anthology/W13-3214}
}
@inproceedings{khanpour-etal-2016-dialogue,
  title     = {Dialogue Act Classification in Domain-Independent Conversations Using a Deep Recurrent Neural Network},
  author    = {Khanpour, Hamed  and Guntakandla, Nishitha  and Nielsen, Rodney},
  booktitle = coling,
  year      = {2016},
  url       = {https://www.aclweb.org/anthology/C16-1189}
}
@incollection{rajaraman_ullman_2011,
  title     = {Data Mining},
  booktitle = {Mining of Massive Datasets},
  publisher = {Cambridge University Press},
  year      = {2011},
  place     = {Cambridge},
  doi       = {10.1017/CBO9781139058452.002},
  author    = {Rajaraman, Anand and Ullman, Jeffrey David},
  pages     = {1-17}
}
@article{Japkowicz2002TheCI,
  title   = {The class imbalance problem: A systematic study},
  author  = {Nathalie Japkowicz and Shaju Stephen},
  journal = {Intelligent Data Analysis},
  year    = {2002},
  volume  = {6},
  pages   = {429-449},
  url     = {https://dl.acm.org/doi/10.5555/1293951.1293954}
}
@inbook{chaiklin-03,
  place      = {Cambridge},
  series     = {Learning in Doing: Social, Cognitive and Computational Perspectives},
  title      = {The Zone of Proximal Development in {Vygotsky}'s Analysis of Learning and Instruction},
  doi        = {10.1017/CBO9780511840975.004},
  booktitle  = {{Vygotsky}'s Educational Theory in Cultural Context},
  publisher  = {Cambridge University Press},
  author     = {Chaiklin, Seth},
  year       = {2003},
  editor     = {Kozulin, Alex and Gindis, Boris and Ageyev, Vladimir S. and Miller, Suzanne M.Editors},
  year       = {2003},
  pages      = {39–64},
  collection = {Learning in Doing: Social, Cognitive and Computational Perspectives}
}

@inproceedings{Dalton2020TRECC2,
  title     = {{TREC} {CA}s{T} 2019: The Conversational Assistance Track Overview},
  author    = {Jeffrey Stephen Dalton and Chen-Yan Xiong and James P. Callan},
  year      = {2019},
  booktitle = {Text REtrieval Conference},
  url       = {https://arxiv.org/pdf/2003.13624}
}

@inproceedings{Tuan2019-iv,
  title     = {{DyKgChat}: Benchmarking Dialogue Generation Grounding on
Dynamic Knowledge Graphs},
  booktitle = emnlp,
  author    = {Tuan, Yi-Lin and Chen, Yun-Nung and Lee, Hung-Yi},
  year      = 2019
}

@inproceedings{qu2019bert,
  title     = {BERT with History Answer Embedding for Conversational Question Answering},
  author    = {Qu, Chen and Yang, Liu and Qiu, Minghui and Croft, W Bruce and Zhang, Yongfeng and Iyyer, Mohit},
  booktitle = {Proceedings of the 42nd International ACM SIGIR Conference on Research and Development in Information Retrieval},
  pages     = {1133--1136},
  year      = {2019}
}
@inproceedings{Krause2017EdinaBA,
  title     = {Edina: Building an Open Domain Socialbot with Self-dialogues},
  author    = {Ben Krause and Marco Damonte and Mihai Dobre and Daniel Duma and Joachim Fainberg and Federico Fancellu and Emmanuel Kahembwe and Jianpeng Cheng and Bonnie L. Webber},
  booktitle = {Alexa Prize Proceedings},
  year      = {2017}
}

@article{ren2020search,
  title   = {Conversations with Search Engines},
  author  = {Ren, Pengjie and Chen, Zhumin and Ren, Zhaochun and
                   Kanoulas, Evangelos and Monz, Christof and de Rijke, Maarten},
  year    = 2020,
  journal = {arXiv:2004.14162},
  eprint  = {arXiv:2004.14162}
}

@article{hedayatnia2020policy,
  title   = {{Policy-Driven} Neural Response Generation for
                   {Knowledge-Grounded} Dialogue Systems},
  author  = {Hedayatnia, Behnam and Gopalakrishnan, Karthik and Kim,
                   Seokhwan and Liu, Yang and Eric, Mihail and Hakkani-Tur,
                   Dilek},
  month   = may,
  year    = 2020,
  journal = {arXiv:2005.12529},
  eprint  = {arXiv:2005.12529}
}

@inproceedings{gopalakrishnan2020asr,
  title     = {Are Neural {Open-Domain} Dialog Systems Robust to Speech
                   Recognition Errors in the Dialog History? An Empirical Study},
  author    = {Gopalakrishnan, Karthik and Hedayatnia, Behnam and Wang,
                   Longshaokan and Liu, Yang and Hakkani-Tur, Dilek},
  year      = 2020,
  booktitle = interspeech
}
@inproceedings{peskov2019noisy,
  title     = {Mitigating Noisy Inputs for Question Answering},
  author    = {Denis Peskov and Joe Barrow and Pedro Rodriguez and Graham Neubig and Jordan Boyd-Graber},
  booktitle = interspeech,
  year      = {2019},
  doi       = {10.21437/Interspeech.2019-3154},
  url       = {http://dx.doi.org/10.21437/Interspeech.2019-3154}
}